@article{prelec1998probability,
  title={The probability weighting function},
  author={Prelec, Drazen},
  journal={Econometrica},
  pages={497--527},
  year={1998},
  publisher={JSTOR}
}

@incollection{stebila2011stronger,
  title={Stronger difficulty notions for client puzzles and denial-of-service-resistant protocols},
  author={Stebila, Douglas and Kuppusamy, Lakshmi and Rangasamy, Jothi and Boyd, Colin and Nieto, Juan Gonzalez},
  booktitle={Topics in Cryptology--CT-RSA 2011},
  pages={284--301},
  year={2011},
  publisher={Springer}
}

@incollection{chen2009security,
  title={Security notions and generic constructions for client puzzles},
  author={Chen, Liqun and Morrissey, Paul and Smart, Nigel P and Warinschi, Bogdan},
  booktitle={Advances in Cryptology--ASIACRYPT 2009},
  pages={505--523},
  year={2009},
  publisher={Springer}
}

@article{gonzalez1999shape,
  title={On the shape of the probability weighting function},
  author={Gonzalez, Richard and Wu, George},
  journal={Cognitive psychology},
  volume={38},
  number={1},
  pages={129--166},
  year={1999},
  publisher={Elsevier}
}

@article{powerball,
  title={Are all lotteries regressive? Evidence from the Powerball},
  author={Oster, Emily},
  journal={National Tax Journal, June},
  year={2004}
}

@article{cptaxiomatization,
  title={An axiomatization of cumulative prospect theory},
  author={Wakker, Peter and Tversky, Amos},
  journal={Journal of risk and uncertainty},
  volume={7},
  number={2},
  pages={147--175},
  year={1993},
  publisher={Springer}
}

@article{cpt,
  title={Advances in prospect theory: Cumulative representation of uncertainty},
  author={Tversky, Amos and Kahneman, Daniel},
  journal={Journal of Risk and uncertainty},
  volume={5},
  number={4},
  pages={297--323},
  year={1992},
  publisher={Springer}
}

@inproceedings{signets,
  title={Digital signets: self-enforcing protection of digital information (preliminary version)},
  author={Dwork, Cynthia and Lotspiech, Jeffrey and Naor, Moni},
  booktitle={Proceedings of the twenty-eighth annual ACM symposium on Theory of computing},
  pages={489--498},
  year={1996},
  organization={ACM}
}